@article{One,
    title   = "Buffer Overflow Vulnerabilities Diagnosis for Commodity Software. {M}.{S}., {N}orth-{E}astern {U}niversity, {B}oston, {USA}",
    author  = "Jiang Zheng",
    year    = "2001"
}

@article{Two,
    author  = "Henri Hyyryl√§inen",
    title   = "{A Static Analysis Tool for Finding Buffer Overflows in C, University of Oulu}",
    year = "24th May 2020",
    
}

@article{Three,
    author  = "Lili Xu, Mingjie Xu, Feng Li and Wei Huo",
    title   = "{ELAID: detecting integer-Overflow-to-Buffer-Overflow vulnerabilities by lightweight and accurate static analysis}"
}

@article{Four,
    author  = "Wikman, Eric C.",
    title   = "{STATIC ANALYSIS TOOLS FOR DETECTING
STACK-BASED BUFFER OVERFLOWS}",
    year = "2020"
}

@article{Five,
    author  = "MD MONJURUL KARIM",
    title   = "{Source Code based Buffer Overflow Detection Technology}",
    year = "2015"
}